@online{MagicJigsaw,
  author = {{XIMAD, Inc}},
  title = {{Magic Jigsaw Puzzles}},
  year = {2015},
  howpublished = "\url{https://itunes.apple.com/nz/app/magic-jigsaw-puzzles/id439873467?mt=8}",
  note = "[Online; accessed 24-September-2015]"
}

@online{JigsawPuzzle,
  author = {{Critical Hit Software, LLC}},
  title = {{Jigsaw Puzzle}},
  year = {2015},
  howpublished = "\url{https://itunes.apple.com/nz/app/jigsaw-puzzle/id495583717?mt=8}",
  note = "[Online; accessed 24-September-2015]"
}

@online{FarmPuzzle,
  author = {Denys Torbichuk},
  title = {{Farms And Animals Puzzles - Jigsaw puzzle for children}},
  year = {2012},
  howpublished = "\url{https://itunes.apple.com/us/app/farm-animals-puzzles-jigsaw/id543511649?mt=8}",
  note = "[Online; accessed 24-September-2015]"
}

@online{SourceJigsaw,
  author = {Centurio},
  title = {{Jigsaw Puzzle (Sourceforge Source Code)}},
  year = {2013},
  howpublished = "\url{http://sourceforge.net/projects/jigsawpuzzle/}",
  note = "[Online; accessed 24-September-2015]"
}
