% Reference Links
@misc{ref:MagicJigsaw,
  author = {{XIMAD, Inc}},
  title = {{Magic Jigsaw Puzzles}},
  year = {2015},
  howpublished = "\url{https://itunes.apple.com/nz/app/magic-jigsaw-puzzles/id439873467?mt=8}"
}

@misc{ref:JigsawPuzzle,
  author = {{Critical Hit Software, LLC}},
  title = {{Jigsaw Puzzle}},
  year = {2015},
  howpublished = "\url{https://itunes.apple.com/nz/app/jigsaw-puzzle/id495583717?mt=8}"
}

@misc{ref:FarmPuzzle,
  author = {Denys Torbichuk},
  title = {{Farms And Animals Puzzles - Jigsaw puzzle for children}},
  year = {2012},
  howpublished = "\url{https://itunes.apple.com/us/app/farm-animals-puzzles-jigsaw/id543511649?mt=8}"
}

@misc{ref:SourceJigsaw,
  author = {Centurio},
  title = {{Jigsaw Puzzle}},
  year = {2013},
  howpublished = "\url{http://sourceforge.net/projects/jigsawpuzzle/}",
  note = {Sourceforge Source Code}
}

@misc{ref:RayOpenGL,
  author = {Ray Wenderlich},
  title = {{OpenGL Tutorial for iOS: OpenGL ES 2.0}},
  year = {2011},
  howpublished = "\url{http://www.raywenderlich.com/3664/opengl-tutorial-for-ios-opengl-es-2-0}"
}

@misc{ref:AndroidDevices,
  author = {Google},
  title = {{Supported Devices}},
  year = {2015},
  howpublished = "\url{https://storage.googleapis.com/support-kms-prod/F8E95910876F5BC6A1478469B983847FD45A}"
}

@misc{ref:AndroidHardware,
  author = {Wikipedia},
  title = {Android (operating system)},
  year = {2015},
  howpublished = "\url{https://en.wikipedia.org/wiki/Android_(operating_system)#Hardware}",
  note = {Date accessed: October, 2015}
}

@misc{ref:iOSHardware,
  author = {Wikipedia},
  title = {{List of iOS devices}},
  year = {2015},
  howpublished = "\url{https://en.wikipedia.org/wiki/List_of_iOS_devices#Models}",
  note = {Date author: October, 2015}
}

% Reference Images
@misc{img:FarmPuzzle,
  author = {AppColt},
  title = {{Download Farm And Animals Puzzles - Jigsaw puzzle for children iPhone iPad iOS}},
  year = {2014},
  howpublished = "\url{http://img-ipad.lisisoft.com/img/2/7/2740-2-farm-animals-puzzles-jigsaw.jpg}",
  note = {File: 2740-2-farm-animals-puzzles-jigsaw.jpg}
}

@misc{img:ARDefender,
  author = {France Quiquere},
  title = {{ARDefender: iPhone Augmented Reality game by int13}},
  year = {2010},
  howpublished = "\url{https://www.youtube.com/watch?v=rB5xUStsUs4}"
}

@misc{img:OpenGLPuppy,
  author = {Alexander Overvoorde},
  title = {{Textures objects and parameters}},
  year = {2012},
  howpublished = "\url{https://open.gl/content/code/sample2.png}",
  note = {File: sample2.png}
}
